3284 5317
317 615 321 628 ’
355 642 1109 718 STRATEGEMAT100NL.11.c.1v.'
1146 664 1250 756 ιιι]

236 825 406 908 melorum
446 859 596 932 gregem
616 829 790 932 obposuitt
840 859 985 931 quorum
1015 833 1163 904 nouitate
1194 827 1258 906 et'
1296 881 1300 890 ·

238 933 382 1006 horrore
397 930 591 1015 consternati
609 942 701 1034 equi,
736 960 803 1006 non
826 933 930 1008 solum
946 934 1116 1007 insidentes
1133 959 1228 1030 prae·

237 1038 469 1136 cipitauecunt,
491 1032 544 1109 scd
559 1035 709 1136 peditum
726 1063 859 1136 quoque
871 1039 1007 1110 suorum
1014 1037 1145 1110 ordines
1154 1059 1232 1136 pto,

236 1143 425 1222 triuerunt,
460 1139 707 1243 vincendasque
717 1138 799 1212 hosti
814 1140 1050 1237 praebuerunt.

337 1283 429 1354 XIII.
453 1280 609 1380 Pyrrhus,
634 1289 847 1382 Epirotarum
866 1310 949 1371 rex,
982 1310 1045 1383 pro
1071 1285 1227 1357 Tarenti·

175 1425 180 1434 ·
236 1390 289 1456 nis
310 1380 463 1454 aduersus
485 1390 668 1475 Romanos,
704 1384 944 1483 eodemmodo
972 1384 1156 1487 elephantis
1185 1383 1228 1460 ad

235 1484 494 1585 perturbandam
509 1490 611 1559 aciem
624 1485 696 1560 usus
712 1486 768 1566 est.
901 1498 905 1504 ’
1112 1485 1116 1495 ’

334 1591 427 1657 XIV.
453 1593 552 1660 Poeni
567 1614 698 1691 quoque
714 1588 1049 1666 aduersusRomanos
1073 1587 1164 1661 idem
1178 1584 1230 1677 fe
1309 1633 1314 1644 ·

236 1703 353 1760 cerunt
368 1685 570 1790 frequenter.
1210 1710 1213 1716 '

197 1871 200 1883 ,
335 1793 410 1863 XV.
445 1793 641 1866 Volscorum
680 1793 779 1867 castra
798 1820 805 1836 ‘
821 1819 929 1892 quum
957 1817 1065 1893 prope
1084 1791 1226 1890 virgulta

232 1889 392 1990 filuasque
407 1892 508 1993 pofita
522 1893 640 1982 effent,
673 1896 828 1969 Camillus
845 1923 882 1968 ea
898 1901 1025 1984 omnia,
1049 1921 1134 1991 quae
1152 1920 1226 1966 con-
1312 1911 1319 1918 ‘

233 2013 369 2093 ceptum
388 2001 496 2094 ignem
519 1995 617 2096 usque
639 2001 675 2070 in
687 1999 809 2074 vallum
834 1995 985 2098 perferre
1002 2011 1164 2099 poterant,
1180 2002 1226 2070 in·
1347 2050 1350 2057 ,

233 2095 356 2170 cendit:
379 2121 412 2170 et
426 2095 466 2170 fic
478 2098 676 2174 aduersarios
693 2106 781 2174 exuit
798 2099 918 2173 castris.
966 2108 970 2113 ’

259 2279 264 2301 .
327 2227 426 2302 XVI.
450 2230 484 2298 P.
500 2225 642 2319 Crallus,
666 2227 753 2302 bello
767 2229 882 2318 sociali,
906 2224 1136 2307 eodemmodo
1150 2248 1224 2326 pro·

232 2353 277 2430 pe
290 2353 366 2400 curn
380 2329 480 2425 copiis
496 2330 649 2403 omnibus
667 2337 868 2430 interceptus
882 2331 940 2402 est.

334 2433 442 2500 XVII.
490 2429 626 2530 Hispani
646 2457 757 2506 contra
776 2433 999 2507 Hamilcarem
1016 2429 1119 2502 boues
1135 2429 1226 2501 vehi·

234 2530 314 2604 culis
341 2526 507 2603 adiundlos
521 2537 555 2605 in
573 2539 681 2632 prima
705 2533 817 2608 fronte
832 2532 1085 2618 constituerunt,
1135 2529 1226 2603 vehi-

232 2632 505 2731 culaquetaedac,
530 2635 606 2727 sebi,
632 2653 666 2708 et
680 2633 844 2737 sulphuris
856 2635 962 2734 plena,
988 2630 1080 2730 figno
1090 2657 1225 2732 pugnae

232 2735 329 2825 dato,
364 2737 589 2810 incenderunt:
640 2735 718 2812 allis
742 2737 861 2811 deinde
888 2742 922 2810 in
950 2731 1082 2808 bostem
1107 2733 1227 2825 bubus,

232 2835 471 2913 consternatam
494 2841 596 2912 aciem
617 2863 855 2940 perruperunt.

331 2945 455 3014 XVIII.
493 2939 602 3016 Falisci
626 2965 660 3014 et
687 2935 956 3042 Tarquinienses,
994 2936 1222 3037 compluribus

229 3037 364 3114 luorum
384 3044 418 3114 in
440 3043 589 3118 habitum
611 3044 813 3118 sacerdotum
838 3043 1036 3135 subornatis,
1077 3035 1164 3113 faces
1188 3061 1224 3112 et

229 3169 354 3240 angues
368 3141 477 3220 furiali
500 3145 613 3220 habitu
627 3146 906 3250 praeferentibus,
939 3149 1042 3218 aciem
1056 3147 1223 3229 Romano&

232 3239 311 3318 rum
330 3245 554 3344 turbauerunt.
946 3327 948 3333 ,
1046 3320 1049 3324 .
1205 3257 1209 3267 '
1273 3328 1276 3339 ,

313 3353 416 3429 XIX.
448 3349 542 3427 Idem
556 3353 716 3425 Veientes
731 3371 766 3424 et
785 3347 959 3424 Fidenates
980 3339 1106 3420 fachus
1127 3344 1219 3422 adre-

228 3455 296 3552 psit
312 3446 474 3528 fecerunt.

331 3559 402 3630 XX.
432 3557 579 3642 Atheos,
605 3582 661 3630 rex
685 3553 903 3654 Scytharum,
937 3579 1042 3652 quum
1068 3547 1224 3624 aduersu·

229 3654 426 3755 ampliorem
436 3651 663 3757 Triballorum
682 3666 864 3731 exercitum
874 3655 1082 3754 confligeret,
1138 3651 1224 3726 iussa

227 3783 248 3828 a
268 3755 403 3831 feminis
422 3776 457 3833 et
478 3766 602 3860 pueris,
630 3765 788 3857 omnique
805 3758 917 3831 inbelli
942 3758 1053 3844 turba,
1102 3780 1223 3854 greges

227 3857 394 3935 almorum
419 3889 457 3936 ac
475 3863 579 3938 boum
594 3862 635 3937 ad
650 3860 851 3966 postremam
873 3859 1023 3934 hostium
1042 3865 1145 3933 aciem
1168 3851 1224 3927 ad·
1338 3948 1346 3958 Χ

1148 3982 1222 4040 mo-

225 4153 275 4206 lire
286 4156 433 4222 smegma
445 4153 705 4212 tribuuotllerodotue
745 4147 851 4216 Vtrique
864 4162 946 4200 tamen
958 4143 1087 4212 scripturae
1103 4145 1224 4212 quodam·
1340 4158 1347 4198 ἰ

226 4231 256 4280 I..
269 4232 290 4285 1.
316 4244 359 4296 so.
392 4250 418 4286 et
430 4236 566 4300 Polyaenus
578 4235 607 4284 b.
619 4231 704 4287 vlle.
744 4229 917 4278 modufauenc
932 4220 1116 4288 illal'olyaeni:
1150 4219 1223 4281 lnce

223 4309 250 4360 6.
263 4313 326 4366 §·6·
362 4309 703 4380 quorumcutloritarcetiam
744 4304 772 4356 ll
796 4296 900 4367 candae
927 4295 1072 4372 ordonensi
1097 4307 1143 4364 mlv
1163 4304 1222 4366 dds»

223 4393 272 4442 pro
295 4386 399 4456 herrore
421 4389 586 4452 reponendum
614 4390 702 4443 odom
744 4382 785 4442 nul
814 4393 860 4449 τὴν
893 4376 978 4453 dipsis·
1021 4391 1055 4442 ita
1089 4403 1119 4437 vt
1162 4386 1222 4446 dim

223 4461 345 4530 siquiden
369 4481 473 4533 vterque
493 4468 583 4518 babent
608 4461 701 4527 ὀδμὴν,
744 4475 774 4523 ad
797 4475 937 4532 horrorem
973 4462 1037 4537 dipl
1062 4473 1095 4526 ad
1124 4474 1223 4521 odore·

223 4553 312 4593 vocem
337 4539 382 4610 ipsc
406 4539 441 4595 cci
468 4541 700 4598 conuenicnciorcm·
741 4541 811 4608 poids
830 4543 926 4602 tesan·
1061 4551 1067 4564 ‘
1209 4538 1214 4554 '
