3284 5317
280 573 281 584 Ν
334 585 744 736 corniolen.
783 593 1112 741 narrari

494 860 496 865 .
572 796 706 861 uuor.
757 811 868 867 nar.

218 876 876 1115 nullunvuaslouus
892 953 1217 1068 carnellu
1268 959 1295 1071 ς

147 1130 148 1137 ¹
483 1138 559 1261 IN:
575 1136 965 1269 FRONTINVM.
1061 1220 1064 1224 ,
1278 1202 1288 1209 -

218 1366 393 1541 praefat.
410 1422 442 1481 p,
462 1420 492 1482 3.
516 1404 675 1491 Praeterea
690 1407 852 1485 continget,
875 1420 911 1466 ste
924 1405 961 1465 de
973 1419 1078 1483 euentu
1090 1408 1219 1488 trepidet
1256 1462 1258 1467 .

310 1487 482 1549 inuentionis
490 1487 578 1568 fiaes,
606 1492 657 1569 qui
665 1488 798 1569 probetis
811 1510 875 1549 eunt
889 1488 1093 1571 &perimentis
1106 1496 1219 1573 rumpe·

219 1568 334 1651 rabit.)
375 1574 432 1633 Pro
447 1574 507 1652 qui,
530 1572 596 1633 eorl.
614 1572 700 1640 Leid.
717 1588 842 1633 notante
857 1573 1093 1653 Oudendorpio,
1117 1594 1216 1657 pum.

218 1654 333 1715 Verior
347 1654 416 1717 hina
428 1653 652 1718 fortalie‘leilio
668 1657 821 1719 elicienda
844 1661 983 1738 quicum.
1026 1663 1217 1737 Frequenter

218 1738 250 1797 ic
263 1735 432 1801 coalescere
454 1741 487 1803 in
500 1762 538 1817 a,
557 1752 680 1816 norunt,
700 1743 752 1820 qui
765 1742 859 1804 libros
875 1756 992 1804 receset
1006 1744 1129 1805 traibare
1145 1764 1218 1807 con·
1331 1751 1358 1823 '‚

218 1816 395 1911 [uenerunt.

306 1915 382 1978 ibid.
409 1938 439 1997 p.
459 1936 490 1998 4.
532 1920 611 1980 Huic
630 1918 725 1981 labori
747 1938 803 1979 non
822 1916 922 1999 initrste
942 1916 1055 1979 veniam
1074 1918 1216 2001 pariliter,

219 2018 256 2061 ne
268 2019 313 2061 nte
328 2015 384 2084 pro
409 2002 550 2085 incuriosi
572 2004 776 2083 reprehendat,
798 2007 848 2084 qui
858 2005 1053 2083 praeteritum
1064 2004 1185 2085 aliquod
1189 2015 1216 2064 'a
1347 2029 1350 2038 ¹

219 2085 302 2145 nobis
315 2089 457 2167 repererit
470 2089 640 2170 exemplum.
686 2089 765 2175 Qis
779 2092 854 2148 eninr
867 2090 909 2148 ud
917 2086 1221 2169 persenssutunnus‘s

221 2185 421 2244 enununrentu,
443 2190 515 2251 quae
527 2184 651 2255 atraque
662 2174 892 2254 linguu'tradita
898 2177 981 2254 ssent,
995 2172 1147 2254 ssrfficiat?
1166 2193 1217 2235 ae·

187 2288 189 2301 ·
219 2254 258 2313 de
272 2256 366 2315 multa
380 2255 501 2335 transire
515 2257 586 2318 mibi
605 2256 662 2339 ἱρῇ»
672 2255 806 2337 permiste
847 2260 981 2339 quodne
993 2254 1118 2337 noustne
1132 2256 1215 2339 coust
1309 2286 1334 2304 ι-

213 2332 362 2420 firfeceffi
371 2337 482 2418 scient,
512 2344 562 2422 qui
581 2344 706 2403 aliorum
722 2340 830 2412 libros,
860 2343 958 2401 eadem
970 2344 1215 2421 promittentium,

222 2424 380 2501 legerint.)
424 2424 553 2487 Codices
566 2425 615 2487 hic
630 2427 736 2504 partim
756 2442 790 2487 ut
802 2427 913 2498 multa,
941 2426 1049 2504 partim
1068 2441 1098 2485 et
1111 2427 1215 2501 multa,

221 2506 370 2569 exhibent
377 2524 390 2587 3
432 2508 551 2591 quidam
570 2526 604 2571 vt
622 2512 717 2572 mulsa
737 2525 776 2573 et.
826 2514 939 2570 Lbcum
956 2512 1054 2569 minue
1068 2507 1216 2572 sincerum

221 2588 300 2665 ess'e,
323 2603 415 2670 palei.
466 2594 563 2672 Quid,
590 2591 611 2654 sr
633 2595 872 2655 membranarum
893 2592 981 2653 dudio
1002 2592 1215 2654 coniiciamua?

205 2670 269 2737 =itu
283 2678 377 2737 multa
388 2692 412 2740 t.
444 2680 567 2739 ,Melius
585 2675 653 2740 lane
668 2678 774 2751 verba,
794 2676 1022 2755 incomitata,
1052 2676 1217 2754 cohaerere

224 2767 291 2820 cum
315 2756 535 2840 superioribus,
567 2760 654 2843 (ruam
676 2780 715 2823 ex
737 2761 950 2825 emendatione
967 2760 1162 2841 Oudendorp.
1180 2776 1217 2825 ot
1253 2809 1256 2817 .

222 2858 262 2916 et,
285 2846 334 2904 vel
348 2861 378 2907 et
391 2849 484 2909 malta
497 2864 530 2907 vt
544 2847 715 2928 trarrstrem,
738 2846 886 2907 videntur.
949 2848 993 2907 Ex
1068 2847 1095 2905 la
1113 2850 1149 2909 rs?
1169 2845 1217 2908 ita

222 2926 366 2992 aNostru
381 2927 671 3013 similiterulurpati,
692 2920 817 3012 praebes
829 2928 972 2992 Oudend.
987 2931 1023 2993 ad
1063 2974 1073 2993 .
1094 2930 1116 2992 l.
1136 2950 1161 2991 e.
1183 2948 1214 3009 3.

221 3010 252 3090 §.
277 3029 305 3091 ς.
349 3016 432 3089 Mox,
453 3014 600 3076 ficodices
609 3016 795 3088 addicerent,
816 3018 938 3077 mallem
947 3011 1215 3090 iereprodents'um,

168 3139 176 3153 s
222 3096 304 3173 quod
319 3096 383 3171 hir,
403 3095 502 3159 nescio
520 3102 689 3179 quomodo,
715 3102 810 3180 aptior
833 3097 1064 3180 exquifitioaque
1085 3098 1247 3182 ridetur,¹
1324 3139 1326 3149 ·

221 3178 354 3254 Plinius,
392 3184 439 3243 cui
464 3184 586 3245 verbum
606 3185 681 3245 illud
703 3204 848 3264 perquam
862 3182 1028 3257 familiare,
1063 3186 1214 3245 contrario

161 3327 165 3337 ,
220 3258 371 3409 {lemania
391 3268 492 3331 iisdem
506 3269 622 3353 diuersa
633 3271 790 3353 prodendo.
835 3272 874 3333 H.
895 3273 933 3331 N.
954 3270 1061 3332 xvlll.
1082 3278 1134 3349 25.
1146 3290 1150 3295 ·
1162 3266 1214 3331 ed.

250 3368 282 3410 Π
304 3370 366 3412 ulii.
608 3386 611 3417 l
878 3366 886 3387 ⁵
1238 3374 1243 3389 ‘

306 3444 338 3503 L.
354 3446 378 3504 Ι.
398 3464 428 3509 a.
447 3462 473 3510 1.
495 3445 524 3523 ς.
540 3464 570 3527 4.
613 3446 668 3508 llu
682 3444 845 3517 intellexir,
874 3444 950 3504 idern
964 3436 1216 3524 effeesns'nenu‘bus
1262 3503 1268 3515 ,

217 3521 422 3608 faciendum.)
476 3526 613 3595 Offendit
626 3550 676 3590 me
688 3541 719 3591 eu
740 3528 923 3590 eminentibus
936 3524 1064 3591 absolute
1078 3526 1214 3608 positum,

224 3612 306 3691 quod
328 3613 375 3674 hic
391 3608 546 3674 obscurum
569 3632 599 3675 et
620 3614 816 3695 ambiguum,
846 3612 980 3692 denique
1002 3613 1052 3673 vix
1074 3612 1215 3675 Latinum

223 3708 310 3774 pulo.
338 3693 483 3759 ·Forraffe
497 3716 552 3778 pro
567 3694 628 3781 effe,
642 3698 792 3760 licentiori
808 3698 910 3777 paullo
927 3697 1100 3767 coniedora,
1125 3715 1217 3776 repo·

221 3779 358 3841 nendum
379 3783 470 3855 uisis,
506 3783 554 3843 vel
575 3784 701 3857 ciuibus,
720 3786 748 3850 i.
771 3802 799 3843 e.
824 3782 1003 3864 principibus
1026 3782 1214 3851 Gabinorum,

225 3879 301 3941 quoa
320 3864 412 3926 inodo
426 3868 590 3928 nominauit
605 3870 715 3932 audior.
767 3870 919 3945 Frequens
938 3866 1017 3945 apud
1037 3865 1215 3940 Frontinum
1251 3891 1254 3902 ·

224 3944 363 4008 inliniriui
380 3950 467 4021 huius
483 3950 594 4012 omiffin
607 3972 665 4027 με.
683 3974 714 4035 g.
729 3947 816 4045 supra
830 3950 858 4031 §
879 3967 905 4011 1.
926 3947 1123 4030 errrssinrnbot,
1145 3948 1216 4008 riui·

224 4046 302 4093 tatus
316 4035 486 4116 intempore
500 4036 706 4113 rebellaturos,
729 4054 761 4097 et
774 4034 811 4096 fic
827 4033 937 4115 paffirn.
987 4034 1106 4116 Syllaba
1119 4034 1151 4093 vi
1170 4028 1223 4091 lsi-1

225 4116 285 4175 olle
299 4116 335 4177 ab
350 4119 539 4181 antecedenti
555 4126 693 4201 proxime
707 4120 795 4181 litera
816 4140 845 4179 su
866 4120 898 4179 in
914 4119 990 4193 ibent
1003 4118 1101 4195 potuit
1117 4112 1220 4176 absor-

223 4198 307 4275 beri,
332 4201 418 4263 litera
439 4218 541 4265 eontra
562 4226 578 4264 e
599 4206 637 4266 ob
660 4202 801 4289 syllabam
825 4202 920 4264 statim
942 4197 1170 4283 subsequentem
1183 4202 1217 4263 in

223 4286 409 4345 eminentibus
423 4291 520 4365 repeti
536 4305 652 4352 temere
666 4311 683 4353 a
698 4288 842 4363 libraris,
864 4304 895 4351 et
909 4286 1051 4373 adiungi,
1071 4302 1162 4367 utque
1175 4286 1217 4347 ite

223 4369 279 4450 rije
293 4368 325 4429 in
340 4364 391 4453 effe
403 4369 601 4454 degenerare.

1138 4530 1218 4601 allel,

360 4650 365 4663 .
419 4645 423 4657 s
547 4620 557 4663 s
