3284 5317
352 629 950 714 ‘sraarrornarrcouu
978 634 1016 689 ιι.
1045 592 1132 690 ov.
1181 590 1253 706 iz)

260 824 425 899 equorum
444 810 581 896 cogitata
601 803 830 904 proderentur.
887 805 1062 905 Qriel'cere
1080 830 1196 877 omnes
1210 802 1259 875 ‘li-

259 902 364 978 lentio
388 906 514 980 seruato
538 910 573 979 in
594 904 710 1001 horam
732 910 864 979 tertiam
886 906 949 979 diei
968 907 1069 979 iubet.
1142 915 1259 1004 Qrum
1359 913 1366 932 '

261 1004 381 1077 deinde
401 1010 590 1106 Pompeiani
610 1010 710 1083 securi
729 1014 921 1107 curuatique
943 1009 1062 1110 pabulo
1087 1005 1128 1080 de
1150 1005 1259 1079 reditu

261 1111 451 1205 cogitarent,
467 1127 509 1184 et
521 1114 543 1183 ii
557 1138 698 1211 quoque,
724 1118 780 1208 qui
800 1115 836 1183 in
851 1110 988 1183 statione
1001 1108 1143 1197 fuerant,
1169 1115 1262 1209 quie·
1307 1101 1310 1108 Δ
1326 1120 1330 1133 ’

150 1298 152 1309 Ι
262 1230 298 1279 re
311 1212 439 1309 inuitati
452 1212 491 1283 ad
508 1212 665 1310 pabulum
680 1206 902 1313 colligendum
916 1212 1147 1293 dilaberentur,
1171 1210 1264 1282 emis·
1281 1303 1285 1309 Α

261 1306 448 1410 fiprimum
459 1316 606 1414 Hispani,
631 1308 803 1389 velocitate
818 1319 933 1414 gentili
948 1323 983 1387 in
995 1312 1138 1415 palantes
1157 1311 1264 1385 effun-

263 1409 403 1505 duntur,
448 1438 481 1488 et
495 1418 747 1491 ”conuulnerant
786 1415 1058 1514 confunduntque
1089 1415 1174 1488 nihil
1197 1413 1264 1489 tale

263 1512 499 1615 exspatiantes:
548 1526 638 1620 prius
662 1519 798 1609 deinde,
835 1546 934 1619 quam
951 1517 1050 1593 resisti
1076 1519 1127 1590 his
1148 1516 1171 1546 ²¹
1188 1520 1283 1612 inci-j

263 1634 380 1716 peret,
414 1622 528 1693 scutati
544 1632 724 1722 erumpunt
739 1649 758 1694 e
774 1619 871 1712 saltu,
904 1644 938 1695 et
957 1621 1131 1696 redeuntes
1151 1621 1186 1690 in
1208 1644 1262 1690 or·

264 1718 379 1791 dinem
397 1724 628 1814 consternunt,
640 1780 642 1787 .
653 1717 868 1821 verruntque:
920 1720 1123 1823 fugientibus
1138 1722 1266 1819 equites

266 1820 396 1910 inmilli,
409 1846 482 1897 toto
498 1827 675 1925 eoslpatio,
702 1853 770 1923 quo
787 1825 956 1899 redibatur
970 1832 1004 1897 in
1021 1821 1137 1908 castra,
1161 1818 1267 1921 perse·
1362 1860 1370 1872 ’
1430 1803 1432 1816 ¹

255 1924 335 1995 ¹'cuti
355 1925 507 2000 caedunt:
557 1938 709 2001 curatum
725 1954 905 2026 quoque„
924 1954 968 2000 ne
994 1931 1068 2030 quis
1092 1922 1266 2022 effugeret.

267 2028 362 2099 Nam
378 2028 495 2127 reliqui
509 2030 639 2104 ducenti
649 2046 683 2104 et
698 2036 930 2131 quinquaginta
949 2032 1085 2128 equites,
1101 2023 1265 2127 praemiffi

265 2123 364 2205 facile
376 2155 437 2228 per
455 2133 650 2231 compendia
670 2138 824 2207 itinerum
845 2130 954 2205 effusis
968 2131 1125 2219 habenis,
1174 2142 1265 2200 ante·

266 2255 368 2327 quam
384 2232 424 2304 ad
439 2231 538 2307 castra
545 2239 693 2333 Pompeii
707 2240 947 2335 perueniretur‚
970 2230 1129 2321 conuelli,
1154 2254 1266 2301 occur·

268 2348 387 2403 rerunt
400 2340 464 2425 eis,
488 2339 546 2433 qui
559 2340 658 2435 primi
673 2334 837 2430 fugerant.
886 2337 940 2409 Ad
959 2340 1049 2407 cuius
1068 2338 1117 2405 rei
1125 2331 1265 2410 ,sensum
1299 2338 1324 2408 ¹.

266 2436 428 2533 Pompeio
441 2444 611 2511 emittente
626 2440 789 2536 legionem
804 2463 882 2509 cum
906 2444 951 2513 I).
965 2436 1078 2510 Laelio
1094 2442 1131 2509 in
1150 2432 1268 2533 praesu

265 2533 364 2608 dium
384 2534 537 2624 suorum,
568 2536 714 2613 subdutti
726 2544 758 2609 in
772 2538 927 2619 dextrum
945 2537 1029 2611 latus
1052 2537 1079 2629 {²
1095 2537 1187 2609 velut
1202 2534 1265 2608 ces.
1341 2534 1343 2540 ’

266 2634 383 2711 serunt
397 2642 541 2735 equites:
594 2639 728 2729 deinde,
753 2656 789 2720 ¹et
803 2665 908 2737 quum
930 2644 976 2713 i'ta
996 2640 1160 2737 legionem
1184 2635 1270 2711 hanc

266 2766 290 2811 a
304 2758 399 2837 tergo
412 2732 619 2829 infestarent„
666 2766 769 2842 quum
790 2746 856 2813 iarn
879 2746 978 2815 etiam
1000 2769 1019 2814 a
1037 2738 1172 2828 fronte,
1210 2740 1270 2835 qui

267 2841 478 2943 pabulatores
493 2840 652 2943 persecuti
664 2860 766 2931 erant,
791 2840 1009 2931 incursarent,
1032 2841 1074 2914 fic
1088 2842 1175 2939 legio
1188 2865 1270 2939 quo·
1287 2846 1292 2859 '
1346 2877 1352 2887 ·

271 2970 340 3041 que
353 2950 439 3019 inter
453 2944 532 3019 duas
548 2950 634 3019 acies
653 2944 802 3023 bellium
817 2971 897 3023 cum
916 2948 1024 3039 legato
1039 2940 1097 3018 suo
1114 2943 1186 3016 elisa
1209 2940 1270 3015 est:

271 3046 314 3119 ad
337 3052 427 3121 euius
445 3047 641 3147 praefidium
661 3052 817 3147 Pompeio
841 3063 950 3121 toturn
973 3045 1132 3123 educente
1149 3048 1271 3116 exerci-

272 3165 369 3243 tum,
393 3155 555 3225 Sertorius
568 3177 701 3251 quoque
718 3176 737 3221 e
751 3148 887 3223 collibus
900 3146 972 3244 sups
987 3145 1159 3221 instrublos
1168 3145 1280 3249 osten·p

275 3251 339 3343 dit,
369 3250 557 3354 effecitque,
583 3280 626 3327 ne
650 3253 672 3294 ²³
696 3256 855 3355 Pompeio
869 3250 1050 3354 expediret.
1108 3253 1158 3321 Ita
1178 3274 1271 3351 praef

313 3552 345 3595 αι
365 3542 504 3607 Inciperee]
537 3539 626 3593 Medic.
640 3541 754 3607 peliaci·
829 3550 860 3620 ’l
878 3540 990 3604 Pompeio
998 3537 1143 3604 expediret]
1160 3534 1274 3601 Abrupta
1322 3569 1330 3586 .

276 3624 394 3675 peretur,
422 3612 490 3675 quod
505 3609 544 3661 hic
558 3608 657 3676 quidem
676 3610 753 3675 magis
796 3623 875 3659 oratio
895 3624 923 3657 ex
936 3618 1052 3657 contextu
1065 3605 1213 3669 supplenda:
1246 3606 1275 3653 ie

277 3678 406 3745 probatur.
796 3681 871 3727 eciem
880 3675 1173 3753 producereeeercirm.
1218 3673 1277 3735 Qu

793 3744 823 3795 're
835 3742 944 3791 Guretue
958 3737 1049 3804 aliquid
1062 3739 1168 3788 excidite
1186 3740 1275 3787 censer.

312 3826 348 3865 22
369 3814 440 3861 Velut
459 3814 594 3880 effrene]
629 3811 695 3861 (lod.
713 3810 756 3863 l’a·
798 3809 889 3860 Medic.
908 3808 1093 3872 permeans.
1124 3804 1216 3853 Medic.
1230 3804 1277 3854 sec.
1304 3853 1306 3860 ,

278 3880 323 3930 lat.
338 3880 675 3945 uelutjirgientesceffiruart
684 3880 758 3935 bene,
799 3879 954 3943 expedirent·
998 3873 1059 3924 Non
1071 3873 1136 3922 male
1149 3869 1278 3928 Peucolis,

279 3947 306 3997 ni
318 3948 399 3997 fallor.
420 3950 540 3999 cederent
553 3946 641 3999 Medic.
654 3964 690 4014 pr.
704 3947 756 4007 duo
798 3946 919 4011 probante
943 3940 1017 3993 etiam
1042 3940 1100 3989 clar.
1125 3937 1218 3988 Wall'ct
1245 3953 1277 3988 ee

280 4014 399 4067 Cantabr.
411 4031 436 4066 et
449 4016 516 4065 Leid.
539 4012 585 4066 sec.
601 4018 663 4066 banc
676 4030 690 4063 a
704 4027 756 4079 reg·
797 4012 910 4076 Pompeio
930 4011 1012 4073 egredi
1031 4009 1177 4072 expedirem
1205 4005 1274 4072 quod

280 4097 330 4145 ιθ»
352 4080 525 4148 vtloqtiuntur
541 4100 597 4133 cunr
615 4083 697 4145 nostro
718 4097 756 4131 ce·
798 4094 881 4132 tamen
896 4078 922 4127 in
943 4088 1036 4126 terrum
1054 4089 1085 4123 ex
1099 4074 1171 4124 vnico
1193 4072 1276 4123 codice

281 4150 326 4218 teri
340 4165 427 4201 ornnes
441 4150 586 4207 sexcenties,
611 4167 639 4200 ac
659 4148 757 4211 lingulis
799 4147 990 4199 admitterentur
1008 4140 1082 4193 ansus
1096 4142 1145 4192 sui.
1174 4140 1278 4206 Propior
1369 4162 1377 4171 x

281 4216 758 4283 ferepaginis.v.Heinl.adFast.Ouid·
797 4231 858 4267 vero
872 4209 1184 4264 eiusdemellconiettura,
1201 4210 1233 4258 Ρ.
1249 4208 1280 4255 id
1389 4260 1402 4267 j

278 4283 365 4351 192.
398 4282 757 4339 uoroeL.111.u.1v.2.
799 4285 936 4347 captaret.
970 4275 1076 4345 Qidli.
1096 4274 1281 4342 Rumpe&-

280 4352 381 4406 Sallust.
395 4368 419 4403 t.
434 4368 476 4415 9²·
493 4354 605 4418 Suptal..
618 4352 641 4402 l.
650 4369 672 4403 c.
682 4364 707 4415 ς.
718 4362 759 4403 ιο.
800 4362 878 4404 rm,
899 4363 915 4399 e
927 4344 1019 4401 Medic.
1033 4346 1100 4398 eod}
1116 4342 1176 4392 Mox
1193 4344 1279 4413 itaque

284 4430 329 4473 11·
362 4420 453 4474 1.111.
486 4438 514 4487 9.,
541 4422 569 4474 6.
601 4432 627 4469 ee
658 4418 759 4485 ubique.
801 4416 892 4467 ruente.
913 4407 960 4464 leel
978 4426 1004 4463 et
1022 4411 1087 4462 laid.
1098 4410 1144 4461 lec.
1162 4407 1211 4458 Sed
1227 4404 1279 4457 eid.

283 4487 542 4569 AddeadL,111.q.
567 4486 693 4565 ¹Oudeud.
743 4528 747 4537 .
800 4482 1000 4565 “luban
1030 4476 1146 4531 oulnd.
1208 4538 1215 4559 Ι
