3284 5317
413 631 499 740 tet·
669 643 698 698 s.
731 642 861 697 triu,
882 641 1136 700 ruonrrur

404 813 594 904 ordinibus·,
621 834 743 884 etcum
757 816 925 916 Scipione,
950 812 1057 910 legato
1071 807 1151 899 luo,
1175 809 1400 899 circummilit,

404 915 554 1016 iuffitque
571 918 687 989 collem
705 941 840 1016 capere,
865 943 904 988 ex
922 942 989 1014 quo
1003 915 1132 990 decurri
1145 919 1328 1015 poteratin
1344 916 1400 985 ho·

406 1019 506 1094 stium
522 1042 622 1118 terga.
699 1019 797 1119 Qrod
813 1018 868 1090 vbi
885 1014 1011 1089 fitium
1030 1018 1086 1105 est,
1125 1021 1283 1089 Romanis
1296 1020 1402 1088 creuit

407 1127 548 1212 animus,
595 1145 628 1193 et
645 1125 804 1214 Samnites¹
820 1125 988 1222 perterriti
1002 1117 1116 1222 fugam
1133 1119 1307 1193 molientes
1323 1115 1403 1192 caefi

410 1221 496 1298 sunt.
1128 1310 1131 1314 ¹

420 1349 425 1384 2
508 1327 570 1397 111.
613 1328 781 1397 Minucius
795 1319 904 1398 Rufus
918 1330 1121 1427 Imperator,
1160 1333 1296 1425 quuma
1312 1327 1406 1393 Sc'or·

409 1425 500 1502 discis
514 1422 674 1524 Dacisque
691 1442 926 1526 premeretur,
951 1427 1069 1526 quibus
1089 1433 1185 1524 inpar
1201 1438 1271 1500 erat
1288 1451 1407 1498 nume·

367 1619 379 1626 .
409 1557 467 1619 ro,
516 1528 680 1631 praemifit
701 1527 859 1620 fratrem,
906 1545 940 1601 et
957 1555 1078 1628 paucos
1095 1535 1221 1627 equites
1238 1555 1303 1602 vna
1327 1551 1406 1599 curn

407 1633 661 1719 aeneatoribusq
679 1638 928 1732 praecepitque,
957 1655 1012 1718 vt,
1043 1658 1146 1730 quum
1176 1630 1300 1708 vidill'et
1331 1655 1406 1702 con«

410 1734 553 1808 trullum
583 1736 765 1834 proelium,
804 1732 928 1807 subitus
941 1760 980 1806 ex
1007 1731 1134 1808 diuerso
1153 1737 1185 1808 se
1210 1733 1407 1818 ostenderet,

309 1883 312 1890 ·
409 1839 607 1934 iuberetque
640 1853 827 1910 aeneatores
851 1842 1031 1927 concinere.
1091 1836 1288 1910 Sonantibus
1314 1860 1408 1906 mon·

412 1935 499 2012 tium
512 1942 611 2036 iugis,
633 1936 752 2037 species
768 1944 909 2036 ingentis
922 1937 1142 2026 multitudinis
1155 1937 1273 2014 obfusa
1286 1935 1336 2011 cll:
1350 1934 1410 2010 ho·

311 2035 320 2054 '
412 2039 533 2123 stibus,
564 2065 627 2138 qua
642 2044 809 2140 perterriti
830 2039 1066 2134 dedere-terga.

506 2146 576 2234 xIV.
602 2143 616 2179 ⁴
647 2144 770 2214 Acilius
796 2142 935 2216 Glabrio
964 2147 1040 2214 Cos.
1069 2137 1222 2218 aduersus
1251 2136 1411 2216 Antiochi

413 2247 498 2342 regis
513 2246 633 2328 aciem,
666 2269 765 2340 quam
780 2247 807 2316 is
831 2246 867 2316 in
882 2241 1039 2318 Achaiam
1057 2271 1120 2344 pro
1133 2241 1285 2341 angustiis
1301 2243 1411 2316 Ther·

413 2345 631 2445 mopylarum
653 2344 830 2431 direxerat,
885 2346 1192 2448 iniquitatibus'luci
1211 2373 1282 2423 non
1296 2351 1416 2419 inritus

413 2437 563 2536 tantum,
599 2445 746 2520 sedtum
765 2446 888 2522 lullum
901 2474 1037 2548 quoque
1049 2449 1197 2547 repulsus
1210 2445 1286 2523 effet
1294 2506 1308 2537 ,1
1354 2446 1415 2526 m'fi

380 2561 383 2570 ⁴
413 2547 649 2624 circummissus
664 2549 704 2622 ab
725 2577 766 2622 eo
781 2554 915 2622 Porcius
933 2556 1035 2634 Cato,
1060 2554 1119 2648 qui
1132 2567 1226 2649 tum„
1256 2555 1324 2623 iam
1336 2577 1416 2626 con«
1451 2621 1460 2628 ,
1490 2578 1491 2589 ’

387 2709 391 2720 .
415 2653 543 2743 sularis,
576 2651 748 2726 'Ptibunus
762 2653 907 2724 militum
922 2677 940 2724 a
957 2652 1084 2752 populo
1096 2651 1201 2725 fellus
1220 2658 1255 2725 in
1271 2659 1415 2725 exercitu

417 2779 501 2848 erac,
535 2751 667 2826 deiectis
690 2761 771 2852 iugis
788 2754 975 2828 Callidromi
989 2755 1135 2839 Aetolis,
1172 2760 1280 2852 quiea
1297 2753 1417 2853 praefi·

415 2857 472 2930 diu
489 2855 662 2944 tenebant,
698 2855 795 2955 super
813 2860 1031 2930 inminentem
1048 2855 1156 2929 castris
1173 2860 1271 2950 regiis
1286 2855 1417 2948 collem,

353 3001 356 3018 ·
418 2986 437 3030 a
460 2972 560 3052 tergo
580 2953 703 3028 subitus
731 2955 933 3055 adparuiffet.
1010 2967 1089 3063 Qro
1109 2955 1197 3030 fatto
1216 2959 1416 3057 perturbatis

420 3058 578 3133 Antiochi
592 3060 711 3155 copiis,
746 3063 901 3157 vtrinqne
919 3063 1076 3163 inrupere
1094 3066 1249 3153 Romani,
1282 3064 1318 3135 el
1338 3059 1418 3136 fufis

422 3157 608 3259 fugatisque
626 3157 726 3232 castra
741 3177 914 3261 ceperunt.

516 3265 563 3334 ¹V.
589 3265 628 3336 C.
653 3262 811 3362 Sulpicius
829 3267 959 3336 Peticus
974 3265 1049 3334 cos.
1069 3285 1185 3337 contra
1198 3262 1312 3337 Gallos
1324 3261 1420 3337 dimi·

418 3383 574 3453 caturus,
623 3360 707 3435 inllit
733 3365 897 3439 muliones
927 3364 1010 3436 clam
1035 3369 1068 3435 in
1096 3382 1227 3439 montes
1246 3377 1420 3467 proximos

420 3493 497 3540 cum
517 3464 614 3538 mulis
634 3458 742 3555 abire,
792 3492 826 3540 et
851 3467 996 3540 indidem
1025 3464 1172 3540 conserto
1192 3471 1257 3552 iam
1280 3464 1422 3570 proelio,

376 3641 380 3652 ,
419 3571 512 3642 velut
529 3570 620 3666 equis
636 3565 810 3642 inlidentes
825 3569 987 3642 ostentare
1008 3565 1041 3640 se
1056 3570 1292 3668 pugnantibus:
1342 3600 1423 3670 quar

421 3695 460 3743 re
477 3668 563 3740 Galli
583 3666 811 3761 existimantes,
838 3670 1018 3744 aduentare
1033 3674 1149 3746 auxilia
1166 3677 1331 3765 Romanis,
1355 3675 1423 3749 ces·

418 3769 490 3847 sere
508 3776 574 3844 iam
596 3797 680 3870 pene
697 3769 850 3848 viliores.
1309 3847 1314 3852 ,
1411 3790 1415 3798 “

523 3877 585 3950 Vl.
611 3879 622 3922 ⁵
641 3876 796 3968 Marius,
847 3879 932 3952 circa
952 3899 1052 3975 aquas
1074 3880 1214 3966 Sextias,
1263 3903 1368 3978 quum
1387 3883 1424 3956 in

1354 4007 1425 4057 am·

388 4143 390 4149 ,
422 4130 905 4228 'te11utefsetspitium,quaelepbun·
929 4179 937 4187 ·
982 4161 1133 4231 5Marr‘us]
1167 4126 1429 4226 uehocstntegema·

425 4228 555 4291 nhostt'um
566 4231 729 4298 acceptinibil
740 4233 838 4280 ordines
851 4243 907 4280 tur·
946 4244 972 4283 te
991 4230 1060 4279 Marii
1077 4231 1115 4280 adi
1141 4230 1295 4282 Plutarchum
1314 4248 1339 4296 p.
1357 4235 1429 4298 176.

423 4298 527 4350 darent·
948 4315 973 4349 et
986 4299 1133 4359 Polyaenum
1147 4301 1174 4350 L.
1185 4299 1257 4348 Vlll.
1275 4315 1296 4348 c.
1307 4314 1347 4351 ιο.
1365 4307 1429 4358 Μ.

422 4387 426 4397 ·
463 4360 724 4428 4Acr'lr'uslGlabrr’o]
758 4360 910 4414 unehine.
947 4367 991 4432 qui
1006 4379 1086 4418 tamen
1098 4370 1127 4417 de
1139 4364 1282 4430 agasonibus
1298 4366 1432 4422 etlumen·

420 4430 489 4569 pppp
498 4429 657 4494 deditliuiur
667 4429 816 4490 nrotxvl.
833 4448 856 4485 c·
866 4444 907 4500 14·
947 4447 980 4501 tia
994 4463 1025 4502 ne
1043 4437 1091 4509 γ’ςῦ
1108 4446 1219 4516 quiden,
1256 4449 1374 4501 Oudend-
1418 4454 1421 4461 ’
