3284 5317
655 563 661 598 b
1123 596 1126 605 .

324 631 327 644 '
380 647 430 722 52
491 683 494 690 .
642 613 1100 731 srvurrrr'ourrnr
1149 663 1154 670 ·

355 821 497 915 ‚brique
516 810 760 888 descenderunt.
834 811 976 903 Reiisios
1001 818 1163 888 Samnites
1187 816 1370 919 Gallosque

375 923 496 994 Fabius
511 941 544 990 et
560 917 683 1013 collega
696 921 819 988 Decius
833 915 981 1016 adgreffi‚
1001 922 1162 990 vicerunt.
1317 940 1321 946 ’

334 1133 336 1138 Ι
474 1051 538 1158 IV,
592 1049 649 1114 Μ’.
672 1033 789 1116 Curius
802 1037 956 1114 aduersus
973 1042 1124 1133 Sabinos,
1161 1037 1218 1140 qui
1239 1032 1368 1143 ingenti

375 1155 519 1222 exercitu
534 1143 729 1244 conscripto,
778 1143 898 1218 reliffls
912 1143 1032 1216 finibus
1053 1143 1115 1217 suis
1132 1146 1259 1218 nostros
1273 1173 1368 1222 occu·

371 1259 549 1351 ‘pauerant,
574 1250 706 1320 occultis
725 1241 909 1335 itineribus,
935 1271 1070 1319 manum
1088 1247 1192 1338 misit,
1213 1277 1297 1347 quae
1310 1251 1367 1323 de·

350 1353 491 1429 ,solatos
508 1375 602 1448 agros
624 1377 758 1436 eorum,
808 1350 965 1446 vicosque
988 1375 1048 1448 per
1070 1347 1197 1422 diuersa
1208 1354 1377 1453 incendit„
1487 1414 1493 1439 ,

348 1477 351 1484 ’
371 1455 483 1528 Sabini
498 1454 537 1524 ad
546 1451 717 1526 arcendam
733 1450 942 1524 domesticam
958 1449 1138 1524 vastitatem
1153 1453 1368 1530 recesserunt.

370 1563 473 1630 Curio
487 1558 625 1654 contigit
647 1571 681 1627 et
701 1580 819 1626 vacuos
844 1550 994 1625 infestare
1017 1553 1162 1626 hostium
1180 1556 1279 1645 fines,
1329 1583 1366 1633 ct

372 1655 634 1743 exerciturnsme
650 1655 775 1763 proelio
791 1673 951 1746 auertere,
975 1651 1179 1756 sparsumque
1194 1660 1339 1740 caedere.

473 1808 517 1873 V;
543 1807 587 1873 T.
601 1800 720 1874 Didius
740 1804 901 1901 paucitate
914 1798 1046 1874 suorum
1063 1796 1231 1883 diffidens,
1258 1832 1367 1904 quum

372 1899 406 1978 in
422 1904 602 2005 aduentum
618 1931 732 1976 earum
750 1904 936 1996 legionum,
962 1928 1040 2000 quas
1055 1899 1274 2002 exspettab'at,
1299 1924 1366 1982 tra·

368 2007 469 2092 ,heret
483 2005 625 2094 bellum,
677 2031 712 2102 et
734 2032 909 2079 occurrere
929 2007 976 2074 cis
1000 2002 1130 2078 hostem
1146 2009 1363 2106 comperisset,
1460 2034 1467 2049 ·

371 2112 530 2190 concione
555 2105 729 2191 aduocata,
778 2114 880 2206 aptari
897 2105 983 2178 iuffit
1006 2110 1127 2180 milites
1141 2108 1181 2182 ad
1203 2138 1364 2212 pugnam,

265 2233 267 2238 '
370 2240 407 2286 ac
435 2209 476 2282 de
497 2207 659 2282 industria·
678 2209 896 2307 negligentius
927 2207 1079 2282 custodiri
1103 2215 1270 2310 captiuosg
1320 2219 1374 2290 ex‘

361 2303 489 2416 ¹quibus
514 2317 631 2411 pauci,
680 2319 735 2411 qui
766 2309 962 2412 profugere,
1010 2316 1248 2388 nuntiauerunt
1286 2313 1362 2408 suis,

254 2415 256 2422 ’
338 2441 515 2518 ,pugnam
532 2421 704 2500 inminere.
779 2415 900 2501 Atilii,
925 2440 966 2488 ne
993 2415 1003 2446 ⁵
1028 2412 1228 2514 suspectione
1243 2422 1362 2518 proelii

282 2559 287 2570 ,
366 2519 674 2603 diducerentvires,
707 2514 886 2590 omiserunt
900 2541 1071 2588 occurrere
1087 2525 1149 2606 eis,
1182 2523 1300 2618 quibus
1313 2527 1361 2595 in·

364 2617 573 2694 'fidiabantuu'
622 2623 783 2717 Legiones
796 2617 970 2712 tutissime,
994 2620 1087 2692 nullo
1104 2627 1294 2722 excipiente,
1318 2625 1361 2700 ad

304 2803 312 2814 ,
365 2723 505 2798 Didium
524 2737 761 2820 peruenerunt.
1155 2797 1158 2803 ,

468 2831 527 2896 VI.
551 2825 640 2896 Bello
656 2827 776 2896 Punico
795 2821 953 2919 quaedam
968 2825 1133 2915 ciuitates,
1158 2851 1243 2924 quae
1257 2854 1276 2901 a
1290 2835 1360 2904 Ro.

365 2932 471 3002 manis
485 2923 624 2997 deficere
645 2925 685 2996 ad
703 2931 829 2996 Poenos
853 2923 1108 3017 destinauerant,
1159 2955 1263 3027 quum
1276 2932 1358 3019 obsi·

364 3029 421 3101 des
437 3025 609 3116 dedissent,
646 3052 729 3124 quos
744 3032 909 3124 recipere,
946 3046 1120 3128 antequam
1136 3030 1356 3128 desciscerent,
1399 3020 1415 3099 ‘.
1502 3116 1503 3125 χ

268 3169 280 3188 2
362 3129 548 3216 studebant,
573 3127 809 3202 fimulauerunt
824 3127 1014 3202 seditionem
1028 3141 1113 3204 inter
1129 3131 1287 3208 finitimos
1304 3165 1369 3213 or·.

360 3250 447 3320 tam,
489 3259 590 3329 quam
618 3225 847 3304 Romanorum
877 3232 975 3329 legati
1006 3233 1158 3308 dirimere
1183 3236 1356 3330 deberent,

358 3335 619 3433 missosqueeus,
662 3335 752 3406 velut
765 3340 1096 3432 contrariapignora,
1134 3346 1356 3439 retinuerunt,

358 3465 419 3514 nec
431 3443 509 3511 ante
524 3436 752 3523 reddiderunt,
776 3437 950 3536 quam'ipsr
966 3457 1199 3539 recuperarent
1215 3443 1301 3523 suos.

384 3609 388 3618 ,
460 3543 533 3608 VII.
560 3543 674 3636 Legati
691 3545 933 3627 Romanorum,
968 3565 1073 3636 quum
1090 3541 1174 3615 missi
1190 3543 1290 3618 essent
1310 3547 1354 3623 ad

354 3643 560 3714 Antiochum
574 3667 706 3738 regem,
733 3635 788 3740 qui
808 3642 917 3737 secum
933 3644 1156 3716 Hannibalem
1174 3644 1269 3720 vistis
1284 3656 1351 3726 iam

312 3798 319 3844 ἶ
353 3743 674 3841 Carthaginiensibus
688 3740 845 3831 habebat,
871 3741 883 3774 ⁶
897 3742 1135 3846 confiliumque
1149 3751 1219 3820 eius
1234 3750 1352 3824 aduer-

274 3871 278 3880 ’
307 3889 314 3934 ,
351 3843 403 3920 sus
416 3852 581 3918 Romanos
599 3845 787 3933 instruebat,
815 3846 939 3920 crebris
954 3872 1031 3918 cum
1041 3850 1230 3922 Hannibale
1250 3856 1351 3928 collo·

317 3975 328 4000 r
351 3952 437 4048 quiis
454 3948 644 4038 effecerunt,
669 3953 746 4023 vtis
761 3955 830 4050 regi
847 3949 944 4024 fieret
955 3946 1125 4051 suspesius,
1148 3959 1201 4024 cui
1213 3955 1351 4052 gratiffi·

866 4109 870 4115 ·
955 4075 968 4107 ·
1268 4084 1346 4132 mus

317 4255 321 4266 ’
368 4241 398 4299 '5
422 4235 593 4300 Suspedir'one]
628 4234 824 4302 Suspenionibur
864 4234 978 4286 Munker.
1001 4237 1032 4288 ad
1042 4237 1157 4302 Fuigent.
1180 4200 1215 4290 las
1228 4241 1276 4295 111.
1287 4223 1356 4298 inits

346 4319 390 4368 pto
408 4304 587 4368 fiespicimibus
607 4308 671 4368 apud
689 4302 822 4364 Vegetium
865 4301 984 4353 Oudend·
1310 4365 1314 4370 .

345 4371 420 4422 etiam
434 4374 483 4421 duo
499 4371 619 4420 veterrimi
632 4369 820 4422 Leidensts.De
864 4406 868 4419 .
895 4374 913 4424 6
937 4367 1108 4436 Castaliumque
1128 4377 1179 4423 eius
1198 4373 1232 4425 a(
1244 4380 1277 4429 R.
1304 4384 1344 4430 in·

344 4443 369 4487 b.
378 4439 499 4504 strspeslio
514 4437 611 4487 consule
631 4440 663 4486 ri.
688 4438 819 4488 Burmann.
857 4435 1343 4505 struebat]detomrtoneinstruereton·

272 4562 274 4566 ,
341 4509 373 4557 ad
393 4505 551 4571 quintiniani
570 4505 679 4578 [ledam
705 4503 728 4554 l.
747 4519 773 4557 a·
796 4516 820 4553 et
855 4501 1187 4595 fisiumvidmotadi’ratf.
1230 4505 1236 4548 ἶ

1084 4665 1208 4728 ,Ὦ
